@ARTICLE{Vahedi87,
  AUTHOR =  {واحدی, مصطفی},
  TITLE =  {درختان پوشای کمینه دورنگی مسطح},
  JOURNAL =  {مجله فارسی نمونه},
  VOLUME =  {1},
  YEAR =  {1387},
  NUMBER =  {2},
  MONTH =  {آبان},
  PAGES =  {22-30},
  LANGUAGE =   {Persian}
}

@CONFERENCE{Amintoosi09regional,
  author =       {M. Amintoosi and M. Fathy and N. Mozayani},
  authorfa =     {م. امین‌طوسی and م. فتحی and م.مزینی},
  title =        {Regional Varying Image Super-Resolution},
  booktitle =    {IEEE International Joint Conference on Computational Sciences and Optimization},
  year =         {2009},
  month =        {April 23-26},
  address =      {Sanya, China},
  volume =       {1},
  pages =        {913-917}
}

@BOOK{Gonzalez02book,
  AUTHOR =      {Gonzalez,, Rafael C. and Woods,, Richard E.},
  authorfa = {ر. گنزالس and ر. وودس },
  TITLE =       {Digital Image Processing},
  PUBLISHER =   {Prentice-Hall, Inc.},
  YEAR =        {2006},
  ISBN = 		{013168728X},
  EDITION = 	{3rd},
  ADDRESS = {Upper Saddle River, NJ, USA},
}
 
@MASTERSTHESIS{Khalighi07MscThesis,
  AUTHOR =       {Vafa Khalighi},
 AUTHORFA = {خلیقی,وفا},
  TITLE =        {Category Theory},
  SCHOOL =       {Sydny Univ.},
  YEAR =         {2007},
  MONTH =        {April}
}

@MISC{Khalighi87xepersian,
  AUTHOR =      {خلیقی,وفا},
  TITLE =        {زی‌پرشین (\lr{\XePersian}): بسته فارسی برای حروف‌چینی در \lr{\LaTeX2e}},
  HOWPUBLISHED =    {\lr{\href{http://www.ctan.org/pkg/xepersian}{http://www.ctan.org/pkg/xepersian}}},
  YEAR =         {۱۳۸۷},
  LANGUAGE =     {Persian}
  }

@PHDTHESIS{Omidali82phdThesis,
  AUTHOR =       {امیدعلی, مهدی},
  TITLE =        {خم‌های تک‌جمله‌ای تعریف شده توسط دنباله‌های تقریباً حسابی},
  SCHOOL =       {دانشکده ریاضی، دانشگاه امیرکبیر},
  YEAR =         {1385},
  MONTH =        {تیر},
  LANGUAGE =     {Persian}
}

@PROCEEDINGS {conference06,
 editor    = {Farhad Shokoohi},
 authorfa = {فرهاد شکوهی},
 title     = {Proceedings of the Xth Conference on XYZ},
 booktitle = {Proceedings of the Xth Conference on XYZ},
 year      = {2006},
 month     = {October}
}

@MISC{OpenGardenWiki,
  AUTHOR =       {Wikipedia},
  TITLE =        {Open Garden},
  HOWPUBLISHED = {\lr{\url{https://en.wikipedia.org/wiki/Open_Garden}}},
  YEAR =         {2019},
  LANGUAGE =     {English}
  }

@MISC{NextDoorWiki,
	AUTHOR =       {Wikipedia},
	TITLE =        {Nextdoor},
	HOWPUBLISHED = {\lr{\url{https://en.wikipedia.org/wiki/Nextdoor}}},
	YEAR =         {2019},
	LANGUAGE =     {English}
}

@MISC{FireChatWiki,
	AUTHOR =       {Wikipedia},
	TITLE =        {FireChat},
	howpublished = {\lr{\url{https://en.wikipedia.org/wiki/FireChat}}},
	YEAR =         {2019}
	language =     {English}
}

@MISC{p2pkit,
	AUTHOR =       {p2pkit group},
	TITLE =        {p2pkit API},
	howpublished = {\lr{\url{http://p2pkit.io/}}},
	YEAR =         {2016}
	language =     {English}
}

@MISC{Alljoyn,
	AUTHOR =       {Open Connectivity Foundation},
	TITLE =        {Open Connectivity Foundation},
	howpublished = {\lr{\url{https://openconnectivity.org/}}},
	YEAR =         {2019}
	language =     {English}
}

@MISC{Nearby,
	AUTHOR =       {nearby group},
	TITLE =        {Nearby},
	howpublished = {\lr{\url{https://www.wnmlive.com/}}},
	YEAR =         {2018}
	language =     {English}
}

@MISC{MultipeerConnectivity,
	AUTHOR =       {AppleINC},
	TITLE =        {MultipeerConnectivity},
	howpublished = {\lr{\url{https://developer.apple.com/documentation/multipeerconnectivity}}},
	YEAR =         {2019}
	language =     {English}
}

@MISC{hypelabs,
	AUTHOR =       {Hypelabs},
	TITLE =        {SDK for connectivity
	even without Internet},
	howpublished = {\lr{\url{https://hypelabs.io/}}},
	YEAR =         {2018}
	language =     {English}
}

@MISC{OpenGarden,
	AUTHOR =       {OpenGarden},
	TITLE =        {Introducing A New Wireless Carrier},
	howpublished = {\lr{\url{https://www.opengarden.com/}}},
	YEAR =         {2018}
	language =     {English}
}

@MISC{WiFiAlliance,
	AUTHOR =  {WiFi.org},
	TITLE =  {Wi-Fi CERTIFIED Wi-Fi Direct®: Personal, portable Wi-Fi® technology},
	VOLUME =  {1},
	YEAR =  {2014},
	MONTH =  {October},
	PAGES =  {1-14},
	LANGUAGE =   {English}
}

@article{Camps-Mur,
	author = {Camps-Mur, Daniel and Garcia-Saavedra, Andres and Serrano, Pablo},
	year = {2013},
	month = {06},
	pages = {},
	title = {Device-to-device communications with Wi-Fi Direct: overview and experimentation},
	volume = {20},
	journal = {IEEE Wireless Communications Magazine},
	doi = {10.1109/MWC.2013.6549288}
}